
@article{thevenaz2000,
  title = {Optimization of Mutual Information for Multiresolution Image Registration},
  volume = {9},
  number = {12},
  journal = {IEEE Transactions on Image Processing},
  author = {Thevenaz, P. and Unser, M.},
  month = dec,
  year = {2000},
  pages = {2083--2099}
}

@article{scott2009,
  title = {Risk of Cerebrovascular Events after Neck and Supraclavicular Radiotherapy: A Systematic Review},
  volume = {90},
  number = {2},
  journal = {Radiotherapy and Oncology: Journal of the European Society for Therapeutic Radiology and Oncology},
  author = {Scott, Apryl S. and Parr, Luke A. and Johnstone, Peter A. S.},
  month = feb,
  year = {2009},
  pages = {163--165},
  pmid = {19171403}
}

@article{torre2015,
  title = {Global Cancer Statistics, 2012},
  volume = {65},
  number = {2},
  journal = {CA: a cancer journal for clinicians},
  author = {Torre, Lindsey A. and Bray, Freddie and Siegel, Rebecca L. and Ferlay, Jacques and Lortet-Tieulent, Joannie and Jemal, Ahmedin},
  month = mar,
  year = {2015},
  pages = {87--108},
  pmid = {25651787}
}

@article{schippers2011,
  title = {Emerging Technologies in Proton Therapy},
  volume = {50},
  number = {6},
  journal = {Acta Oncologica (Stockholm, Sweden)},
  author = {Schippers, Jacobus M. and Lomax, Antony J.},
  month = aug,
  year = {2011},
  pages = {838--850},
  pmid = {21767183}
}

@article{laan2013,
  title = {The Potential of Intensity-Modulated Proton Radiotherapy to Reduce Swallowing Dysfunction in the Treatment of Head and Neck Cancer: {{A}} Planning Comparative Study},
  volume = {52},
  number = {3},
  journal = {Acta Oncologica},
  author = {van der Laan, Hans Paul and van de Water, Tara A. and van Herpt, Heleen E. and Christianen, Miranda E. M. C. and Bijl, Hendrik P. and Korevaar, Erik W. and Rasch, Coen R. and Veld, Aart A. van `T and van der Schaaf, Arjen and Schilstra, Cornelis and Langendijk, Johannes A. and cooperative {group}, on behalf of the Rococo},
  month = apr,
  year = {2013},
  pages = {561--569},
  pmid = {22708528}
}

@article{beetz2012,
  title = {{{NTCP}} Models for Patient-Rated Xerostomia and Sticky Saliva after Treatment with Intensity Modulated Radiotherapy for Head and Neck Cancer: The Role of Dosimetric and Clinical Factors},
  volume = {105},
  number = {1},
  journal = {Radiotherapy and Oncology: Journal of the European Society for Therapeutic Radiology and Oncology},
  author = {Beetz, Ivo and Schilstra, Cornelis and {van der Schaaf}, Arjen and {van den Heuvel}, Edwin R. and Doornaert, Patricia and {van Luijk}, Peter and Vissink, Arjan and {van der Laan}, Bernard F. A. M. and Leemans, Charles R. and Bijl, Henk P. and Christianen, Miranda E. M. C. and Steenbakkers, Roel J. H. M. and Langendijk, Johannes A.},
  month = oct,
  year = {2012},
  pages = {101--106},
  pmid = {22516776}
}

@article{isambert2008,
  title = {Evaluation of an Atlas-Based Automatic Segmentation Software for the Delineation of Brain Organs at Risk in a Radiation Therapy Clinical Context},
  volume = {87},
  number = {1},
  journal = {Radiotherapy and Oncology: Journal of the European Society for Therapeutic Radiology and Oncology},
  author = {Isambert, Aur{\'e}lie and Dhermain, Fr{\'e}d{\'e}ric and Bidault, Fran{\c c}ois and Commowick, Olivier and Bondiau, Pierre-Yves and Malandain, Gr{\'e}goire and Lefkopoulos, Dimitri},
  month = apr,
  year = {2008},
  pages = {93--99},
  pmid = {18155791}
}

@article{fortunati2015,
  title = {Automatic Tissue Segmentation of Head and Neck {{MR}} Images for Hyperthermia Treatment Planning},
  volume = {60},
  number = {16},
  journal = {Physics in Medicine and Biology},
  author = {Fortunati, Valerio and Verhaart, Ren{\'e} F. and Niessen, Wiro J. and Veenland, Jifke F. and Paulides, Margarethus M. and {van Walsum}, Theo},
  month = aug,
  year = {2015},
  pages = {6547--6562},
  pmid = {26267068}
}

@article{yang2014,
  title = {Automated {{Segmentation}} of the {{Parotid Gland Based}} on {{Atlas Registration}} and {{Machine Learning}}: {{A Longitudinal MRI Study}} in {{Head}}-and-{{Neck Radiation Therapy}}},
  volume = {90},
  number = {5},
  journal = {International journal of radiation oncology, biology, physics},
  author = {Yang, Xiaofeng and Wu, Ning and Cheng, Guanghui and Zhou, Zhengyang and Yu, David S. and Beitler, Jonathan J. and Curran, Walter J. and Liu, Tian},
  month = dec,
  year = {2014},
  pages = {1225--1233},
  pmid = {25442347},
  pmcid = {PMC4362545}
}

@article{deng2015,
  title = {Dental Demineralization and Caries in Patients with Head and Neck Cancer},
  volume = {51},
  number = {9},
  journal = {Oral Oncology},
  author = {Deng, Jie and Jackson, Leanne and Epstein, Joel B. and Migliorati, Cesar A. and Murphy, Barbara A.},
  month = sep,
  year = {2015},
  pages = {824--831},
  pmid = {26198979}
}

@article{veiga2014,
  title = {Toward Adaptive Radiotherapy for Head and Neck Patients: {{Feasibility}} Study on Using {{CT}}-to-{{CBCT}} Deformable Registration for ``Dose of the Day'' Calculations},
  volume = {41},
  number = {3},
  journal = {Medical Physics},
  author = {Veiga, Catarina and McClelland, Jamie and Moinuddin, Syed and Louren{\c c}o, Ana and Ricketts, Kate and Annkah, James and Modat, Marc and Ourselin, S{\'e}bastien and D'Souza, Derek and Royle, Gary},
  month = mar,
  year = {2014},
  pages = {031703}
}

@article{marzi2012,
  title = {Anatomical and Dose Changes of Gross Tumour Volume and Parotid Glands for Head and Neck Cancer Patients during Intensity-Modulated Radiotherapy: Effect on the Probability of Xerostomia Incidence},
  volume = {24},
  number = {3},
  journal = {Clinical Oncology (Royal College of Radiologists (Great Britain))},
  author = {Marzi, S. and Pinnar{\`o}, P. and D'Alessio, D. and Strigari, L. and Bruzzaniti, V. and Giordano, C. and Giovinazzo, G. and Marucci, L.},
  month = apr,
  year = {2012},
  pages = {e54--62},
  pmid = {22138192}
}

@article{avants2008,
  title = {Symmetric Diffeomorphic Image Registration with Cross-Correlation: Evaluating Automated Labeling of Elderly and Neurodegenerative Brain},
  volume = {12},
  number = {1},
  journal = {Medical Image Analysis},
  author = {Avants, B. B. and Epstein, C. L. and Grossman, M. and Gee, J. C.},
  month = feb,
  year = {2008},
  pages = {26--41},
  pmid = {17659998},
  pmcid = {PMC2276735}
}

@article{yan2004,
  title = {Lymph Node Segmentation from {{CT}} Images Using Fast Marching Method},
  volume = {28},
  number = {1-2},
  journal = {Computerized Medical Imaging and Graphics: The Official Journal of the Computerized Medical Imaging Society},
  author = {Yan, Jiayong and Zhuang, Tian-ge and Zhao, Binsheng and Schwartz, Lawrence H.},
  year = {2004 Jan-Mar},
  pages = {33--38},
  pmid = {15127747}
}

@article{leibfarth2013,
  title = {A Strategy for Multimodal Deformable Image Registration to Integrate {{PET}}/{{MR}} into Radiotherapy Treatment Planning},
  volume = {52},
  number = {7},
  journal = {Acta Oncologica},
  author = {Leibfarth, Sara and M{\"o}nnich, David and Welz, Stefan and Siegel, Christine and Schwenzer, Nina and Schmidt, Holger and Zips, Daniel and Thorwarth, Daniela},
  month = oct,
  year = {2013},
  pages = {1353--1359}
}

@article{vanluijk2015,
  title = {Sparing the Region of the Salivary Gland Containing Stem Cells Preserves Saliva Production after Radiotherapy for Head and Neck Cancer},
  volume = {7},
  number = {305},
  journal = {Science Translational Medicine},
  author = {{van Luijk}, Peter and Pringle, Sarah and Deasy, Joseph O. and Moiseenko, Vitali V. and Faber, Hette and Hovan, Allan and Baanstra, Mirjam and {van der Laan}, Hans P. and Kierkels, Roel G. J. and {van der Schaaf}, Arjen and Witjes, Max J. and Schippers, Jacobus M. and Brandenburg, Sytze and Langendijk, Johannes A. and Wu, Jonn and Coppes, Robert P.},
  month = sep,
  year = {2015},
  pages = {305ra147},
  pmid = {26378247},
  pmcid = {PMC4964284}
}

@article{djordjevic2014,
  title = {Assessment of Residual Setup Errors for Anatomical Sub-Structures in Image-Guided Head-and-Neck Cancer Radiotherapy},
  volume = {53},
  number = {5},
  journal = {Acta Oncologica},
  author = {Djordjevic, Milos and Sj{\"o}holm, Emmelie and Tullgren, Owe and Sorcini, Bruno},
  month = may,
  year = {2014},
  pages = {646--653},
  pmid = {24313389}
}

@article{kim2014,
  title = {Dose-Volumetric Parameters for Predicting Hypothyroidism after Radiotherapy for Head and Neck Cancer},
  volume = {44},
  number = {4},
  journal = {Japanese Journal of Clinical Oncology},
  author = {Kim, Mi Young and Yu, Tosol and Wu, Hong-Gyun},
  month = apr,
  year = {2014},
  pages = {331--337},
  pmid = {24482412}
}

@article{bondiau2005,
  title = {Atlas-Based Automatic Segmentation of {{MR}} Images: Validation Study on the Brainstem in Radiotherapy Context},
  volume = {61},
  number = {1},
  journal = {International Journal of Radiation Oncology, Biology, Physics},
  author = {Bondiau, Pierre-Yves and Malandain, Gr{\'e}goire and Chanalet, St{\'e}phane and Marcy, Pierre-Yves and Habrand, Jean-Louis and Fauchon, Fran{\c c}ois and Paquis, Philippe and Courdi, Adel and Commowick, Olivier and Rutten, Isabelle and Ayache, Nicholas},
  month = jan,
  year = {2005},
  pages = {289--298},
  pmid = {15629622}
}

@article{hou1978,
  title = {Cubic Splines for Image Interpolation and Digital Filtering},
  volume = {26},
  number = {6},
  journal = {IEEE Transactions on Acoustics, Speech, and Signal Processing},
  author = {Hou, Hsieh and Andrews, H.},
  month = dec,
  year = {1978},
  pages = {508--517}
}

@article{bhide2009,
  title = {Radiation-Induced Xerostomia: Pathophysiology, Prevention and Treatment},
  volume = {21},
  number = {10},
  journal = {Clinical Oncology (Royal College of Radiologists (Great Britain))},
  author = {Bhide, S. A. and Miah, A. B. and Harrington, K. J. and Newbold, K. L. and Nutting, C. M.},
  month = dec,
  year = {2009},
  pages = {737--744},
  pmid = {19833490}
}

@article{commowick2008a,
  title = {An Efficient Locally Affine Framework for the Smooth Registration of Anatomical Structures},
  volume = {12},
  number = {4},
  journal = {Medical Image Analysis},
  author = {Commowick, O. and Arsigny, V. and Isambert, A. and Costa, J. and Dhermain, F. and Bidault, F. and Bondiau, P.-Y. and Ayache, N. and Malandain, G.},
  month = aug,
  year = {2008},
  pages = {427--441},
  pmid = {18325825}
}

@article{mencarelli2014a,
  title = {Automatic Detection System for Multiple Region of Interest Registration to Account for Posture Changes in Head and Neck Radiotherapy},
  volume = {59},
  number = {8},
  journal = {Physics in Medicine and Biology},
  author = {Mencarelli, A. and van Beek, S. and Zijp, L. J. and Rasch, C. and van Herk, M. and Sonke, J.-J.},
  year = {2014},
  pages = {2005}
}

@article{lee1996a,
  title = {Image {{Metamorphosis}} with {{Scattered Feature Constraints}}},
  volume = {2},
  number = {4},
  journal = {IEEE Transactions on Visualization and Computer Graphics},
  author = {Lee, Seungyong and Woberg, George and Chwa, Kyung-Yong and Shin, Sung Yong},
  month = dec,
  year = {1996},
  pages = {337--354}
}

@article{schwartz2013,
  title = {Adaptive Radiotherapy for Head and Neck Cancer\textemdash{}{{Dosimetric}} Results from a Prospective Clinical Trial},
  volume = {106},
  number = {1},
  journal = {Radiotherapy and Oncology},
  author = {Schwartz, David L. and Garden, Adam S. and Shah, Shalin J. and Chronowski, Gregory and Sejpal, Samir and Rosenthal, David I. and Chen, Yipei and Zhang, Yongbin and Zhang, Lifei and Wong, Pei-Fong and Garcia, John A. and Kian Ang, K. and Dong, Lei},
  month = jan,
  year = {2013},
  pages = {80--84}
}

@article{faggiano2011,
  title = {An Automatic Contour Propagation Method to Follow Parotid Gland Deformation during Head-and-Neck Cancer Tomotherapy},
  volume = {56},
  number = {3},
  journal = {Physics in Medicine and Biology},
  author = {Faggiano, E. and Fiorino, C. and Scalco, E. and Broggi, S. and Cattaneo, M. and Maggiulli, E. and Dell'Oca, I. and Di Muzio, N. and Calandrino, R. and Rizzo, G.},
  month = feb,
  year = {2011},
  pages = {775--791},
  pmid = {21239848}
}

@article{dehing-oberije2010,
  title = {Development, External Validation and Clinical Usefulness of a Practical Prediction Model for Radiation-Induced Dysphagia in Lung Cancer Patients},
  volume = {97},
  number = {3},
  journal = {Radiotherapy and Oncology: Journal of the European Society for Therapeutic Radiology and Oncology},
  author = {Dehing-Oberije, Cary and De Ruysscher, Dirk and Petit, Steven and Van Meerbeeck, Jan and Vandecasteele, Katrien and De Neve, Wilfried and Dingemans, Anne Marie C. and El Naqa, Issam and Deasy, Joseph and Bradley, Jeff and Huang, Ellen and Lambin, Philippe},
  month = dec,
  year = {2010},
  pages = {455--461},
  pmid = {21084125}
}

@article{unser1999,
  title = {Splines: A Perfect Fit for Signal and Image Processing},
  volume = {16},
  number = {6},
  journal = {IEEE Signal Processing Magazine},
  author = {Unser, M.},
  month = nov,
  year = {1999},
  pages = {22--38}
}

@article{sotiras2013,
  title = {Deformable {{Medical Image Registration}}: {{A Survey}}},
  volume = {32},
  number = {7},
  journal = {IEEE Transactions on Medical Imaging},
  author = {Sotiras, A. and Davatzikos, C. and Paragios, N.},
  month = jul,
  year = {2013},
  pages = {1153--1190}
}

@article{deeley2011,
  title = {Comparison of Manual and Automatic Segmentation Methods for Brain Structures in the Presence of Space-Occupying Lesions: A Multi-Expert Study},
  volume = {56},
  number = {14},
  journal = {Physics in Medicine and Biology},
  author = {Deeley, M. A. and Chen, A. and Datteri, R. and Noble, J. H. and Cmelak, A. J. and Donnelly, E. F. and Malcolm, A. W. and Moretti, L. and Jaboin, J. and Niermann, K. and Yang, Eddy S. and Yu, David S. and Yei, F. and Koyama, T. and Ding, G. X. and Dawant, B. M.},
  month = jul,
  year = {2011},
  pages = {4557--4577},
  pmid = {21725140},
  pmcid = {PMC3153124}
}

@article{ottosson2013,
  title = {Weight Loss in Patients with Head and Neck Cancer during and after Conventional and Accelerated Radiotherapy},
  volume = {52},
  number = {4},
  journal = {Acta Oncologica},
  author = {Ottosson, Sandra and Zackrisson, Bj{\"o}rn and Kjell{\'e}n, Elisabeth and Nilsson, Per and Laurell, G{\"o}ran},
  month = may,
  year = {2013},
  pages = {711--718},
  pmid = {23106176}
}

@article{commowick2008,
  title = {Atlas-Based Delineation of Lymph Node Levels in Head and Neck Computed Tomography Images},
  volume = {87},
  number = {2},
  journal = {Radiotherapy and Oncology: Journal of the European Society for Therapeutic Radiology and Oncology},
  author = {Commowick, Olivier and Gr{\'e}goire, Vincent and Malandain, Gr{\'e}goire},
  month = may,
  year = {2008},
  pages = {281--289},
  pmid = {18279984}
}

@article{hardcastle2012,
  title = {A Multi-Institution Evaluation of Deformable Image Registration Algorithms for Automatic Organ Delineation in Adaptive Head and Neck Radiotherapy},
  volume = {7},
  journal = {Radiation Oncology},
  author = {Hardcastle, Nicholas and Tom{\'e}, Wolfgang A. and Cannon, Donald M. and Brouwer, Charlotte L. and Wittendorp, Paul WH and Dogan, Nesrin and Guckenberger, Matthias and Allaire, St{\'e}phane and Mallya, Yogish and Kumar, Prashant and Oechsner, Markus and Richter, Anne and Song, Shiyu and Myers, Michael and Polat, B{\"u}lent and Bzdusek, Karl},
  year = {2012},
  pages = {90}
}

@article{jemal2010,
  title = {Cancer Statistics, 2010},
  volume = {60},
  number = {5},
  journal = {CA: a cancer journal for clinicians},
  author = {Jemal, Ahmedin and Siegel, Rebecca and Xu, Jiaquan and Ward, Elizabeth},
  year = {2010 Sep-Oct},
  pages = {277--300},
  pmid = {20610543}
}

@article{surucu2016,
  title = {Decision {{Trees Predicting Tumor Shrinkage}} for {{Head}} and {{Neck Cancer}}: {{Implications}} for {{Adaptive Radiotherapy}}},
  volume = {15},
  number = {1},
  journal = {Technology in Cancer Research \& Treatment},
  author = {Surucu, Murat and Shah, Karan K. and Mescioglu, Ibrahim and Roeske, John C. and Small, William and Choi, Mehee and Emami, Bahman},
  month = feb,
  year = {2016},
  pages = {139--145}
}

@article{bekes2008,
  title = {Geometrical Model-Based Segmentation of the Organs of Sight on {{CT}} Images},
  volume = {35},
  number = {2},
  journal = {Medical Physics},
  author = {Bekes, Gy{\"o}rgy and M{\'a}t{\'e}, E{\"o}rs and Ny{\'u}l, L{\'a}szl{\'o} G. and Kuba, Attila and Fidrich, M{\'a}rta},
  month = feb,
  year = {2008},
  pages = {735--743},
  pmid = {18383695}
}

@article{fortunati2014,
  title = {Feasibility of Multimodal Deformable Registration for Head and Neck Tumor Treatment Planning},
  volume = {90},
  number = {1},
  journal = {International Journal of Radiation Oncology, Biology, Physics},
  author = {Fortunati, Valerio and Verhaart, Ren{\'e} F. and Angeloni, Francesco and {van der Lugt}, Aad and Niessen, Wiro J. and Veenland, Jifke F. and Paulides, Margarethus M. and {van Walsum}, Theo},
  month = sep,
  year = {2014},
  pages = {85--93},
  pmid = {25015199}
}

@article{hoangduc2015,
  title = {Validation of Clinical Acceptability of an Atlas-Based Segmentation Algorithm for the Delineation of Organs at Risk in Head and Neck Cancer},
  volume = {42},
  number = {9},
  journal = {Medical Physics},
  author = {Hoang Duc, Albert K. and Eminowicz, Gemma and Mendes, Ruheena and Wong, Swee-Ling and McClelland, Jamie and Modat, Marc and Cardoso, M. Jorge and Mendelson, Alex F. and Veiga, Catarina and Kadir, Timor and D'Souza, Derek and Ourselin, Sebastien},
  month = sep,
  year = {2015},
  pages = {5027--5034},
  pmid = {26328953}
}

@misc{centerforhistoryandnewmedia,
  title = {Hitri Vodnik {{Zotero}}},
  howpublished = {\url{http://zotero.org/support/quick_start_guide}},
  author = {{Center for History and New Media}}
}

@article{zhang2007,
  title = {Automatic {{Delineation}} of {{On}}-{{Line Head}}-{{And}}-{{Neck Computed Tomography Images}}: {{Toward On}}-{{Line Adaptive Radiotherapy}}},
  volume = {68},
  number = {2},
  journal = {International Journal of Radiation Oncology*Biology*Physics},
  author = {Zhang, Tiezhi and Chi, Yuwei and Meldolesi, Elisa and Yan, Di},
  month = jun,
  year = {2007},
  pages = {522--530}
}

@article{rao2016,
  title = {Dose-Volume Factors Correlating with Trismus Following Chemoradiation for Head and Neck Cancer},
  volume = {55},
  number = {1},
  journal = {Acta Oncologica (Stockholm, Sweden)},
  author = {Rao, Shyam D. and Saleh, Ziad H. and Setton, Jeremy and Tam, Moses and McBride, Sean M. and Riaz, Nadeem and Deasy, Joseph O. and Lee, Nancy Y.},
  year = {2016},
  pages = {99--104},
  pmid = {25920361},
  pmcid = {PMC4784420}
}

@article{qazi2011,
  title = {Auto-Segmentation of Normal and Target Structures in Head and Neck {{CT}} Images: A Feature-Driven Model-Based Approach},
  volume = {38},
  number = {11},
  journal = {Medical Physics},
  author = {Qazi, Arish A. and Pekar, Vladimir and Kim, John and Xie, Jason and Breen, Stephen L. and Jaffray, David A.},
  month = nov,
  year = {2011},
  pages = {6160--6170},
  pmid = {22047381}
}

@article{crum2004,
  title = {Non-Rigid Image Registration: Theory and Practice},
  volume = {77 Spec No 2},
  journal = {The British Journal of Radiology},
  author = {Crum, W. R. and Hartkens, T. and Hill, D. L. G.},
  year = {2004},
  pages = {S140--153},
  pmid = {15677356}
}

@article{dornheim2007,
  title = {Segmentation of {{Neck Lymph Nodes}} in {{CT Datasets}} with {{Stable 3D Mass}}-{{Spring Models}}: {{Segmentation}} of {{Neck Lymph Nodes}}},
  volume = {14},
  number = {11},
  journal = {Academic Radiology},
  author = {Dornheim, Jana and Seim, Heiko and Preim, Bernhard and Hertel, Ilka and Strauss, Gero},
  month = nov,
  year = {2007},
  pages = {1389--1399}
}

@article{moiseenko2011,
  title = {A Comparison of Dose-Response Characteristics of Four {{NTCP}} Models Using Outcomes of Radiation-Induced Optic Neuropathy and Retinopathy},
  volume = {6},
  journal = {Radiation Oncology (London, England)},
  author = {Moiseenko, Vitali and Song, William Y. and Mell, Loren K. and Bhandare, Niranjan},
  month = jun,
  year = {2011},
  pages = {61},
  pmid = {21645390},
  pmcid = {PMC3127783}
}

@article{bh2012,
  title = {A {{Literature Review}} of {{Late Complications}} of {{Radiation Therapy}} for {{Head}} and {{Neck Cancers}}: {{Incidence}} and {{Dose Response}}},
  number = {2},
  journal = {Journal of Nuclear Medicine \& Radiation Therapy},
  author = {Bh, Niranjan and {are} and Mendenhall, William M.},
  month = aug,
  year = {2012}
}

@inproceedings{han2008,
  title = {Atlas-{{Based Auto}}-Segmentation of {{Head}} and {{Neck CT Images}}},
  booktitle = {Medical {{Image Computing}} and {{Computer}}-{{Assisted Intervention}} \textendash{} {{MICCAI}} 2008},
  publisher = {{Springer, Berlin, Heidelberg}},
  author = {Han, Xiao and Hoogeman, Mischa S. and Levendag, Peter C. and Hibbard, Lyndon S. and Teguh, David N. and Voet, Peter and Cowen, Andrew C. and Wolf, Theresa K.},
  month = sep,
  year = {2008},
  pages = {434--441}
}

@inproceedings{leavens2008,
  title = {Validation of Automatic Landmark Identification for Atlas-Based Segmentation for Radiation Treatment Planning of the Head-and-Neck Region},
  author = {Leavens, Claudia and Vik, Torbj{\o}rn and Schulz, Heinrich and Allaire, St{\'e}phane and Kim, John and Dawson, Laura and O'Sullivan, Brian and Breen, Stephen and Jaffray, David and Pekar, Vladimir},
  editor = {Reinhardt, Joseph M. and Pluim, Josien P. W.},
  month = mar,
  year = {2008},
  pages = {69143G}
}

@article{brunt2010,
  title = {Computed Tomography-Magnetic Resonance Image Registration in Radiotherapy Treatment Planning},
  volume = {22},
  number = {8},
  journal = {Clinical Oncology (Royal College of Radiologists (Great Britain))},
  author = {Brunt, J. N. H.},
  month = oct,
  year = {2010},
  pages = {688--697},
  pmid = {20674300}
}

@article{thomson2014,
  title = {Evaluation of an Automatic Segmentation Algorithm for Definition of Head and Neck Organs at Risk},
  volume = {9},
  journal = {Radiation Oncology},
  author = {Thomson, David and Boylan, Chris and Liptrot, Tom and Aitkenhead, Adam and Lee, Lip and Yap, Beng and Sykes, Andrew and Rowbottom, Carl and Slevin, Nicholas},
  year = {2014},
  pages = {173}
}

@article{tao2015,
  title = {Multi-Subject Atlas-Based Auto-Segmentation Reduces Interobserver Variation and Improves Dosimetric Parameter Consistency for Organs at Risk in Nasopharyngeal Carcinoma: {{A}} Multi-Institution Clinical Study},
  volume = {115},
  number = {3},
  journal = {Radiotherapy and Oncology: Journal of the European Society for Therapeutic Radiology and Oncology},
  author = {Tao, Chang-Juan and Yi, Jun-Lin and Chen, Nian-Yong and Ren, Wei and Cheng, Jason and Tung, Stewart and Kong, Lin and Lin, Shao-Jun and Pan, Jian-Ji and Zhang, Guang-Shun and Hu, Jiang and Qi, Zhen-Yu and Ma, Jun and Lu, Jia-De and Yan, Di and Sun, Ying},
  month = jun,
  year = {2015},
  pages = {407--411},
  pmid = {26025546}
}

@article{gujral2014,
  title = {Radiation-Induced Carotid Artery Atherosclerosis},
  volume = {110},
  number = {1},
  journal = {Radiotherapy and Oncology: Journal of the European Society for Therapeutic Radiology and Oncology},
  author = {Gujral, Dorothy M. and Chahal, Navtej and Senior, Roxy and Harrington, Kevin J. and Nutting, Christopher M.},
  month = jan,
  year = {2014},
  pages = {31--38},
  pmid = {24044796}
}

@article{noe2008,
  title = {Acceleration and Validation of Optical Flow Based Deformable Registration for Image-Guided Radiotherapy},
  volume = {47},
  number = {7},
  journal = {Acta Oncologica},
  author = {Noe, Karsten {\O}stergaard and Senneville, Baudouin Denis De and Elstr{\o}m, Ulrik Vindelev and Tanderup, Kari and S{\o}rensen, Thomas Sangild},
  month = jan,
  year = {2008},
  pages = {1286--1293}
}

@article{castadot2008,
  title = {Comparison of 12 Deformable Registration Strategies in Adaptive Radiation Therapy for the Treatment of Head and Neck Tumors},
  volume = {89},
  number = {1},
  journal = {Radiotherapy and Oncology},
  author = {Castadot, Pierre and Lee, John Aldo and Parraga, Adriane and Geets, Xavier and Macq, Beno{\^\i}t and Gr{\'e}goire, Vincent},
  month = oct,
  year = {2008},
  pages = {1--12}
}

@article{mattiucci2013,
  title = {Automatic Delineation for Replanning in Nasopharynx Radiotherapy: What Is the Agreement among Experts to Be Considered as Benchmark?},
  volume = {52},
  number = {7},
  journal = {Acta Oncologica (Stockholm, Sweden)},
  author = {Mattiucci, Gian Carlo and Boldrini, Luca and Chiloiro, Giuditta and D'Agostino, Giuseppe Roberto and Chiesa, Silvia and De Rose, Fiorenza and Azario, Luigi and Pasini, Danilo and Gambacorta, Maria Antonietta and Balducci, Mario and Valentini, Vincenzo},
  month = oct,
  year = {2013},
  pages = {1417--1422},
  pmid = {23957565}
}

@article{amit1994,
  title = {A {{Nonlinear Variational Problem}} for {{Image Matching}}},
  volume = {15},
  number = {1},
  journal = {SIAM Journal on Scientific Computing},
  author = {Amit, Y.},
  month = jan,
  year = {1994},
  pages = {207--224}
}

@article{hou2011,
  title = {Deformable Planning {{CT}} to Cone-Beam {{CT}} Image Registration in Head-and-Neck Cancer},
  volume = {38},
  number = {4},
  journal = {Medical Physics},
  author = {Hou, Jidong and Guerrero, Mariana and Chen, Wenjuan and D'Souza, Warren D.},
  month = apr,
  year = {2011},
  pages = {2088--2094}
}

@article{mattes2003,
  title = {{{PET}}-{{CT}} Image Registration in the Chest Using Free-Form Deformations},
  volume = {22},
  number = {1},
  journal = {IEEE transactions on medical imaging},
  author = {Mattes, David and Haynor, David R. and Vesselle, Hubert and Lewellen, Thomas K. and Eubank, William},
  month = jan,
  year = {2003},
  pages = {120--128},
  pmid = {12703765}
}

@article{sohn2008,
  title = {Model-Independent, Multimodality Deformable Image Registration by Local Matching of Anatomical Features and Minimization of Elastic Energy},
  volume = {35},
  number = {3},
  journal = {Medical Physics},
  author = {S{\"o}hn, Matthias and Birkner, Mattias and Chi, Yuwei and Wang, Jian and Di, Yan and Berger, Bernhard and Alber, Markus},
  month = mar,
  year = {2008},
  pages = {866--878},
  pmid = {18404923}
}

@article{lee1996,
  title = {Image Metamorphosis with Scattered Feature Constraints},
  volume = {2},
  number = {4},
  journal = {Ieee Transactions on Visualization and Computer Graphics},
  author = {Lee, S. and Wolberg, G. and Chwa, K. Y. and Shin, S. Y.},
  month = dec,
  year = {1996},
  note = {WOS:A1996WA61400006},
  pages = {337--354}
}

@article{rueckert1999,
  title = {Nonrigid Registration Using Free-Form Deformations: Application to Breast {{MR}} Images},
  volume = {18},
  number = {8},
  journal = {IEEE Transactions on Medical Imaging},
  author = {Rueckert, D. and Sonoda, L. I. and Hayes, C. and Hill, D. L. G. and Leach, M. O. and Hawkes, D. J.},
  month = aug,
  year = {1999},
  pages = {712--721}
}

@article{wu,
  title = {Image {{Registration Using Wavelet}}-{{Based Motion Model}}},
  volume = {38},
  number = {2},
  journal = {International Journal of Computer Vision},
  author = {Wu, Yu-Te and Kanade, Takeo and Li, Ching-Chung and Cohn, Jeffrey},
  pages = {129--152}
}

@article{verhaart2014,
  title = {The Relevance of {{MRI}} for Patient Modeling in Head and Neck Hyperthermia Treatment Planning: A Comparison of {{CT}} and {{CT}}-{{MRI}} Based Tissue Segmentation on Simulated Temperature},
  volume = {41},
  number = {12},
  journal = {Medical Physics},
  author = {Verhaart, Ren{\'e} F. and Fortunati, Valerio and Verduijn, Gerda M. and {van der Lugt}, Aad and {van Walsum}, Theo and Veenland, Jifke F. and Paulides, Margarethus M.},
  month = dec,
  year = {2014},
  pages = {123302},
  pmid = {25471984}
}

@article{burnet2004,
  title = {Defining the Tumour and Target Volumes for Radiotherapy},
  volume = {4},
  number = {2},
  journal = {Cancer Imaging},
  author = {Burnet, Neil G and Thomas, Simon J and Burton, Kate E and Jefferies, Sarah J},
  month = oct,
  year = {2004},
  pages = {153--161},
  pmid = {18250025},
  pmcid = {PMC1434601}
}

@article{zelefsky2012,
  title = {Improved {{Clinical Outcomes With High}}-{{Dose Image Guided Radiotherapy Compared With Non}}-{{IGRT}} for the {{Treatment}} of {{Clinically Localized Prostate Cancer}}},
  volume = {84},
  number = {1},
  journal = {International Journal of Radiation Oncology*Biology*Physics},
  author = {Zelefsky, Michael J. and Kollmeier, Marisa and Cox, Brett and Fidaleo, Anthony and Sperling, Dahlia and Pei, Xin and Carver, Brett and Coleman, Jonathan and Lovelock, Michael and Hunt, Margie},
  month = sep,
  year = {2012},
  pages = {125--129}
}

@article{ibragimov2015,
  title = {Segmentation of {{Tongue Muscles}} from {{Super}}-{{Resolution Magnetic Resonance Images}}},
  volume = {20},
  number = {1},
  journal = {Medical image analysis},
  author = {Ibragimov, Bulat and Prince, Jerry L. and Murano, Emi Z. and Woo, Jonghye and Stone, Maureen and Likar, Bo{\v s}tjan and Pernu{\v s}, Franjo and Vrtovec, Toma{\v z}},
  month = feb,
  year = {2015},
  pages = {198--207},
  pmid = {25487963},
  pmcid = {PMC4294977}
}

@article{veiga2015,
  title = {Toward Adaptive Radiotherapy for Head and Neck Patients: {{Uncertainties}} in Dose Warping Due to the Choice of Deformable Registration Algorithm},
  volume = {42},
  number = {2},
  journal = {Medical Physics},
  author = {Veiga, Catarina and Louren{\c c}o, Ana M{\'o}nica and Mouinuddin, Syed and {van Herk}, Marcel and Modat, Marc and Ourselin, S{\'e}bastien and Royle, Gary and McClelland, Jamie R.},
  month = feb,
  year = {2015},
  pages = {760--769},
  pmid = {25652490}
}

@article{ibragimov2017,
  title = {Segmentation of Organs-at-Risks in Head and Neck {{CT}} Images Using Convolutional Neural Networks},
  volume = {44},
  number = {2},
  journal = {Medical Physics},
  author = {Ibragimov, Bulat and Xing, Lei},
  month = feb,
  year = {2017},
  pages = {547--557},
  pmid = {28205307}
}

@article{lee2014,
  title = {Using {{Multivariate Regression Model}} with {{Least Absolute Shrinkage}} and {{Selection Operator}} ({{LASSO}}) to {{Predict}} the {{Incidence}} of {{Xerostomia}} after {{Intensity}}-{{Modulated Radiotherapy}} for {{Head}} and {{Neck Cancer}}},
  volume = {9},
  number = {2},
  journal = {PLOS ONE},
  author = {Lee, Tsair-Fwu and Chao, Pei-Ju and Ting, Hui-Min and Chang, Liyun and Huang, Yu-Jie and Wu, Jia-Ming and Wang, Hung-Yu and Horng, Mong-Fong and Chang, Chun-Ming and Lan, Jen-Hong and Huang, Ya-Yu and Fang, Fu-Min and Leung, Stephen Wan},
  month = feb,
  year = {2014},
  pages = {e89700}
}

@article{brouwer2014,
  title = {The Effects of Computed Tomography Image Characteristics and Knot Spacing on the Spatial Accuracy of {{B}}-Spline Deformable Image Registration in the Head and Neck Geometry},
  volume = {9},
  journal = {Radiation Oncology (London, England)},
  author = {Brouwer, Charlotte L. and Kierkels, Roel G. J. and {van 't Veld}, Aart A. and Sijtsema, Nanna M. and Meertens, Harm},
  month = jul,
  year = {2014},
  pages = {169},
  pmid = {25074293},
  pmcid = {PMC4128373}
}

@article{vanderlaan2015,
  title = {Acute Symptoms during the Course of Head and Neck Radiotherapy or Chemoradiation Are Strong Predictors of Late Dysphagia},
  volume = {115},
  number = {1},
  journal = {Radiotherapy and Oncology: Journal of the European Society for Therapeutic Radiology and Oncology},
  author = {{van der Laan}, Hans Paul and Bijl, Hendrik P. and Steenbakkers, Roel J. H. M. and {van der Schaaf}, Arjen and Chouvalova, Olga and {Vemer-van den Hoek}, Johanna G. M. and Gawryszuk, Agata and {van der Laan}, Bernard F. A. M. and Oosting, Sjoukje F. and Roodenburg, Jan L. N. and Wopken, Kim and Langendijk, Johannes A.},
  month = apr,
  year = {2015},
  pages = {56--62},
  pmid = {25792467}
}

@article{baskar2012,
  title = {Cancer and Radiation Therapy: Current Advances and Future Directions},
  volume = {9},
  number = {3},
  journal = {International Journal of Medical Sciences},
  author = {Baskar, Rajamanickam and Lee, Kuo Ann and Yeo, Richard and Yeoh, Kheng-Wei},
  year = {2012},
  pages = {193--199},
  pmid = {22408567},
  pmcid = {PMC3298009}
}

@article{bentzen2005,
  title = {Theragnostic Imaging for Radiation Oncology: Dose-Painting by Numbers},
  volume = {6},
  number = {2},
  journal = {The Lancet Oncology},
  author = {Bentzen, S{\o}ren M},
  month = feb,
  year = {2005},
  pages = {112--117}
}

@article{avants2006,
  title = {Lagrangian Frame Diffeomorphic Image Registration: {{Morphometric}} Comparison of Human and Chimpanzee Cortex},
  volume = {10},
  number = {3},
  journal = {Medical Image Analysis},
  author = {Avants, Brian B. and Schoenemann, P. Thomas and Gee, James C.},
  month = jun,
  year = {2006},
  pages = {397--412},
  pmid = {15948659}
}

@article{sims2009,
  title = {A Pre-Clinical Assessment of an Atlas-Based Automatic Segmentation Tool for the Head and Neck},
  volume = {93},
  number = {3},
  journal = {Radiotherapy and Oncology: Journal of the European Society for Therapeutic Radiology and Oncology},
  author = {Sims, Richard and Isambert, Aurelie and Gr{\'e}goire, Vincent and Bidault, Fran{\c c}ois and Fresco, Lydia and Sage, John and Mills, John and Bourhis, Jean and Lefkopoulos, Dimitri and Commowick, Olivier and Benkebil, Mehdi and Malandain, Gr{\'e}goire},
  month = dec,
  year = {2009},
  pages = {474--478},
  pmid = {19758720}
}

@article{tuomikoski2015,
  title = {Toward a More Patient-Specific Model of Post-Radiotherapy Saliva Secretion for Head and Neck Cancer Patients},
  volume = {54},
  number = {9},
  journal = {Acta Oncologica (Stockholm, Sweden)},
  author = {Tuomikoski, Laura and Kapanen, Mika and Collan, Juhani and Keyril{\"a}inen, Jani and Saarilahti, Kauko and Loimu, Venla and Sepp{\"a}l{\"a}, Tiina and Tenhunen, Mikko},
  year = {2015},
  pages = {1310--1316},
  pmid = {26203929}
}

@article{wang2011,
  title = {Organ-Sparing Radiation Therapy for Head and Neck Cancer},
  volume = {8},
  copyright = {\textcopyright{} 2011 Nature Publishing Group},
  number = {11},
  journal = {Nature Reviews Clinical Oncology},
  author = {Wang, XiaoShen and Hu, ChaoSu and Eisbruch, Avraham},
  month = nov,
  year = {2011},
  pages = {639--648}
}

@article{hommez2012,
  title = {Effect of Radiation Dose on the Prevalence of Apical Periodontitis--a Dosimetric Analysis},
  volume = {16},
  number = {6},
  journal = {Clinical Oral Investigations},
  author = {Hommez, Geert M. G. and De Meerleer, Gert O. and De Neve, Wilfried J. and De Moor, Roeland J. G.},
  month = dec,
  year = {2012},
  pages = {1543--1547},
  pmid = {22219024}
}

@article{mencarelli2014,
  title = {Deformable Image Registration for Adaptive Radiation Therapy of Head and Neck Cancer: Accuracy and Precision in the Presence of Tumor Changes},
  volume = {90},
  number = {3},
  journal = {International Journal of Radiation Oncology, Biology, Physics},
  author = {Mencarelli, Angelo and {van Kranen}, Simon Robert and Hamming-Vrieze, Olga and {van Beek}, Suzanne and Nico Rasch, Coenraad Robert and {van Herk}, Marcel and Sonke, Jan-Jakob},
  month = nov,
  year = {2014},
  pages = {680--687},
  pmid = {25151537}
}

@article{nithiananthan2009,
  title = {Demons Deformable Registration for {{CBCT}}-Guided Procedures in the Head and Neck: Convergence and Accuracy},
  volume = {36},
  number = {10},
  journal = {Medical Physics},
  author = {Nithiananthan, S. and Brock, K. K. and Daly, M. J. and Chan, H. and Irish, J. C. and Siewerdsen, J. H.},
  month = oct,
  year = {2009},
  pages = {4755--4764},
  pmid = {19928106},
  pmcid = {PMC2771717}
}

@article{gregoire2015,
  title = {Advances in {{Radiotherapy}} for {{Head}} and {{Neck Cancer}}},
  volume = {33},
  number = {29},
  journal = {Journal of Clinical Oncology},
  author = {Gr{\'e}goire, Vincent and Langendijk, Johannes A. and Nuyts, Sandra},
  month = oct,
  year = {2015},
  pages = {3277--3284}
}

@article{thariat2012,
  title = {Dentalmaps: Automatic Dental Delineation for Radiotherapy Planning in Head-and-Neck Cancer},
  volume = {82},
  number = {5},
  journal = {International Journal of Radiation Oncology, Biology, Physics},
  author = {Thariat, Juliette and Ramus, Liliane and Maingon, Philippe and Odin, Guillaume and Gregoire, Vincent and Darcourt, Vincent and Guevara, Nicolas and Orlanducci, Marie-Helene and Marcie, Serge and Poissonnet, Gilles and Marcy, Pierre-Yves and Bozec, Alex and Dassonville, Olivier and Castillo, Laurent and Demard, Francois and Santini, Jose and Malandain, Gregoire},
  month = apr,
  year = {2012},
  pages = {1858--1865},
  pmid = {21621340}
}

@article{stapleford2010,
  title = {Evaluation of Automatic Atlas-Based Lymph Node Segmentation for Head-and-Neck Cancer},
  volume = {77},
  number = {3},
  journal = {International Journal of Radiation Oncology, Biology, Physics},
  author = {Stapleford, Liza J. and Lawson, Joshua D. and Perkins, Charles and Edelman, Scott and Davis, Lawrence and McDonald, Mark W. and Waller, Anthony and Schreibmann, Eduard and Fox, Tim},
  month = jul,
  year = {2010},
  pages = {959--966},
  pmid = {20231069}
}

@article{modat2010,
  series = {HP-MICCAI 2008},
  title = {Fast Free-Form Deformation Using Graphics Processing Units},
  volume = {98},
  number = {3},
  journal = {Computer Methods and Programs in Biomedicine},
  author = {Modat, Marc and Ridgway, Gerard R. and Taylor, Zeike A. and Lehmann, Manja and Barnes, Josephine and Hawkes, David J. and Fox, Nick C. and Ourselin, S{\'e}bastien},
  month = jun,
  year = {2010},
  pages = {278--284}
}

@article{brouwer2012,
  title = {{{3D Variation}} in Delineation of Head and Neck Organs at Risk},
  volume = {7},
  journal = {Radiation Oncology},
  author = {Brouwer, Charlotte L. and Steenbakkers, Roel JHM and {van den Heuvel}, Edwin and Duppen, Joop C. and Navran, Arash and Bijl, Henk P. and Chouvalova, Olga and Burlage, Fred R. and Meertens, Harm and Langendijk, Johannes A. and {van 't Veld}, Aart A.},
  year = {2012},
  pages = {32}
}

@article{peroni2012,
  title = {Automatic Segmentation and Online {{virtualCT}} in Head-and-Neck Adaptive Radiation Therapy},
  volume = {84},
  number = {3},
  journal = {International Journal of Radiation Oncology, Biology, Physics},
  author = {Peroni, Marta and Ciardo, Delia and Spadea, Maria Francesca and Riboldi, Marco and Comi, Stefania and Alterio, Daniela and Baroni, Guido and Orecchia, Roberto},
  month = nov,
  year = {2012},
  pages = {e427--433},
  pmid = {22672753}
}

@article{lieshout2014,
  title = {The Effect of Radiotherapy on Dental Hard Tissue--a Systematic Review},
  volume = {18},
  number = {1},
  journal = {Clinical Oral Investigations},
  author = {Lieshout, H. F. J. and Bots, C. P.},
  month = jan,
  year = {2014},
  pages = {17--24},
  pmid = {23873320}
}

@article{jaffray2012,
  title = {Image-Guided Radiotherapy: From Current Concept to Future Perspectives},
  volume = {9},
  copyright = {\textcopyright{} 2012 Nature Publishing Group},
  number = {12},
  journal = {Nature Reviews Clinical Oncology},
  author = {Jaffray, David A.},
  month = dec,
  year = {2012},
  pages = {688--699}
}

@article{voet2011,
  title = {Does Atlas-Based Autosegmentation of Neck Levels Require Subsequent Manual Contour Editing to Avoid Risk of Severe Target Underdosage? {{A}} Dosimetric Analysis},
  volume = {98},
  number = {3},
  journal = {Radiotherapy and Oncology: Journal of the European Society for Therapeutic Radiology and Oncology},
  author = {Voet, Peter W. J. and Dirkx, Maarten L. P. and Teguh, David N. and Hoogeman, Mischa S. and Levendag, Peter C. and Heijmen, Ben J. M.},
  month = mar,
  year = {2011},
  pages = {373--377},
  pmid = {21269714}
}

@article{varadhan2013,
  title = {A Framework for Deformable Image Registration Validation in Radiotherapy Clinical Applications},
  volume = {14},
  number = {1},
  journal = {Journal of applied clinical medical physics / American College of Medical Physics},
  author = {Varadhan, Raj and Karangelis, Grigorios and Krishnan, Karthik and Hui, Susanta},
  month = jan,
  year = {2013},
  pages = {4066},
  pmid = {23318394},
  pmcid = {PMC3732001}
}

@article{iacono2015,
  title = {{{MIDA}}: {{A Multimodal Imaging}}-{{Based Detailed Anatomical Model}} of the {{Human Head}} and {{Neck}}},
  volume = {10},
  number = {4},
  journal = {PloS One},
  author = {Iacono, Maria Ida and Neufeld, Esra and Akinnagbe, Esther and Bower, Kelsey and Wolf, Johanna and Vogiatzis Oikonomidis, Ioannis and Sharma, Deepika and Lloyd, Bryn and Wilm, Bertram J. and Wyss, Michael and Pruessmann, Klaas P. and Jakab, Andras and Makris, Nikos and Cohen, Ethan D. and Kuster, Niels and Kainz, Wolfgang and Angelone, Leonardo M.},
  year = {2015},
  pages = {e0124126},
  pmid = {25901747},
  pmcid = {PMC4406723}
}

@article{lamacchia2012,
  title = {Systematic Evaluation of Three Different Commercial Software Solutions for Automatic Segmentation for Adaptive Therapy in Head-and-Neck, Prostate and Pleural Cancer},
  volume = {7},
  journal = {Radiation Oncology},
  author = {La Macchia, Mariangela and Fellin, Francesco and Amichetti, Maurizio and Cianchetti, Marco and Gianolini, Stefano and Paola, Vitali and Lomax, Antony J. and Widesott, Lamberto},
  year = {2012},
  pages = {160}
}

@article{webster2009,
  title = {A Novel Imaging Technique for Fusion of High-Quality Immobilised {{MR}} Images of the Head and Neck with {{CT}} Scans for Radiotherapy Target Delineation},
  volume = {82},
  number = {978},
  journal = {The British Journal of Radiology},
  author = {Webster, G. J. and Kilgallon, J. E. and Ho, K. F. and Rowbottom, C. G. and Slevin, N. J. and Mackay, R. I.},
  month = jun,
  year = {2009},
  pages = {497--503},
  pmid = {19221183}
}

@incollection{sotiras2015,
  title = {Graph-Based {{Deformable Image Registration}}},
  copyright = {\textcopyright{}2015 Springer Science+Business Media New York},
  booktitle = {Handbook of {{Biomedical Imaging}}},
  publisher = {{Springer US}},
  author = {Sotiras, A. and Ou, Y. and Paragios, N. and Davatzikos, C.},
  editor = {Paragios, Nikos and Duncan, James and Ayache, Nicholas},
  year = {2015},
  pages = {331--359},
  doi = {10.1007/978-0-387-09749-7_18}
}

@article{chen2012,
  title = {Evaluation of Multiple-Atlas-Based Strategies for Segmentation of the Thyroid Gland in Head and Neck {{CT}} Images for {{IMRT}}},
  volume = {57},
  number = {1},
  journal = {Physics in Medicine and Biology},
  author = {Chen, A. and Niermann, K. J. and Deeley, M. A. and Dawant, B. M.},
  month = jan,
  year = {2012},
  pages = {93--111},
  pmid = {22126838},
  pmcid = {PMC3505993}
}

@article{fiorentino2012,
  title = {Parotid Gland Volumetric Changes during Intensity-Modulated Radiotherapy in Head and Neck Cancer},
  volume = {85},
  number = {1018},
  journal = {The British Journal of Radiology},
  author = {Fiorentino, A and Caivano, R and Metallo, V and Chiumento, C and Cozzolino, M and Califano, G and Clemente, S and Pedicini, P and Fusco, V},
  month = oct,
  year = {2012},
  pages = {1415--1419}
}

@article{wachinger2015,
  title = {Contour-{{Driven Atlas}}-{{Based Segmentation}}},
  volume = {34},
  number = {12},
  journal = {IEEE transactions on medical imaging},
  author = {Wachinger, Christian and Fritscher, Karl and Sharp, Greg and Golland, Polina},
  month = dec,
  year = {2015},
  pages = {2492--2505},
  pmid = {26068202},
  pmcid = {PMC4756595}
}

@article{harari2010,
  title = {Emphasizing Conformal Avoidance versus Target Definition for {{IMRT}} Planning in Head-and-Neck Cancer},
  volume = {77},
  number = {3},
  journal = {International Journal of Radiation Oncology, Biology, Physics},
  author = {Harari, Paul M. and Song, Shiyu and Tom{\'e}, Wolfgang A.},
  month = jul,
  year = {2010},
  pages = {950--958},
  pmid = {20378266},
  pmcid = {PMC2905233}
}

@article{fortunati2013,
  title = {Tissue Segmentation of Head and Neck {{CT}} Images for Treatment Planning: {{A}} Multiatlas Approach Combined with Intensity Modeling},
  volume = {40},
  number = {7},
  journal = {Medical Physics},
  author = {Fortunati, Valerio and Verhaart, Ren{\'e} F. and van der Lijn, Fedde and Niessen, Wiro J. and Veenland, Jifke F. and Paulides, Margarethus M. and van Walsum, Theo},
  month = jul,
  year = {2013},
  pages = {071905}
}

@article{fritscher2014,
  title = {Automatic Segmentation of Head and Neck {{CT}} Images for Radiotherapy Treatment Planning Using Multiple Atlases, Statistical Appearance Models, and Geodesic Active Contours},
  volume = {41},
  number = {5},
  journal = {Medical Physics},
  author = {Fritscher, Karl D. and Peroni, Marta and Zaffino, Paolo and Spadea, Maria Francesca and Schubert, Rainer and Sharp, Gregory},
  month = may,
  year = {2014},
  pages = {051910},
  pmid = {24784389},
  pmcid = {PMC4000401}
}

@article{chen2010,
  title = {Combining Registration and Active Shape Models for the Automatic Segmentation of the Lymph Node Regions in Head and Neck {{CT}} Images},
  volume = {37},
  number = {12},
  journal = {Medical Physics},
  author = {Chen, Antong and Deeley, Matthew A. and Niermann, Kenneth J. and Moretti, Luigi and Dawant, Benoit M.},
  month = dec,
  year = {2010},
  pages = {6338--6346},
  pmid = {21302791},
  pmcid = {PMC3000861}
}

@article{verhaart2014a,
  title = {{{CT}}-Based Patient Modeling for Head and Neck Hyperthermia Treatment Planning: Manual versus Automatic Normal-Tissue-Segmentation},
  volume = {111},
  number = {1},
  journal = {Radiotherapy and Oncology: Journal of the European Society for Therapeutic Radiology and Oncology},
  author = {Verhaart, Ren{\'e} F. and Fortunati, Valerio and Verduijn, Gerda M. and {van Walsum}, Theo and Veenland, Jifke F. and Paulides, Margarethus M.},
  month = apr,
  year = {2014},
  pages = {158--163},
  pmid = {24631148}
}

@article{teng2010,
  title = {Head and Neck Lymph Node Region Delineation with Image Registration},
  volume = {9},
  journal = {BioMedical Engineering OnLine},
  author = {Teng, Chia-Chi and Shapiro, Linda G. and Kalet, Ira J.},
  year = {2010},
  pages = {30}
}

@article{christianen2016,
  title = {Swallowing Sparing Intensity Modulated Radiotherapy ({{SW}}-{{IMRT}}) in Head and Neck Cancer: {{Clinical}} Validation According to the Model-Based Approach},
  volume = {118},
  number = {2},
  journal = {Radiotherapy and Oncology: Journal of the European Society for Therapeutic Radiology and Oncology},
  author = {Christianen, Miranda E. M. C. and {van der Schaaf}, Arjen and {van der Laan}, Hans Paul and Verdonck-de Leeuw, Irma M. and Doornaert, Patricia and Chouvalova, Olga and Steenbakkers, Roel J. H. M. and Leemans, Charles Ren{\'e} and Oosting, Sjoukje F. and {van der Laan}, Bernard F. A. M. and Roodenburg, Jan L. N. and Slotman, Ben J. and Bijl, Hendrik P. and Langendijk, Johannes A.},
  month = feb,
  year = {2016},
  pages = {298--303},
  pmid = {26700602}
}

@article{unser1991,
  title = {Fast {{B}}-Spline Transforms for Continuous Image Representation and Interpolation},
  volume = {13},
  number = {3},
  journal = {IEEE Transactions on Pattern Analysis and Machine Intelligence},
  author = {Unser, M. and Aldroubi, A. and Eden, M.},
  month = mar,
  year = {1991},
  pages = {277--285}
}

@article{vercauteren2009,
  title = {Diffeomorphic Demons: Efficient Non-Parametric Image Registration},
  volume = {45},
  number = {1 Suppl},
  journal = {NeuroImage},
  author = {Vercauteren, Tom and Pennec, Xavier and Perchant, Aymeric and Ayache, Nicholas},
  month = mar,
  year = {2009},
  pages = {S61--72},
  pmid = {19041946}
}

@inproceedings{ourselin2000,
  title = {Block {{Matching}}: {{A General Framework}} to {{Improve Robustness}} of {{Rigid Registration}} of {{Medical Images}}},
  booktitle = {Medical {{Image Computing}} and {{Computer}}-{{Assisted Intervention}} \textendash{} {{MICCAI}} 2000},
  publisher = {{Springer, Berlin, Heidelberg}},
  author = {Ourselin, S. and Roche, A. and Prima, S. and Ayache, N.},
  month = oct,
  year = {2000},
  pages = {557--566}
}

@article{al-mayah2015,
  title = {Radiation Dose Response Simulation for Biomechanical-Based Deformable Image Registration of Head and Neck Cancer Treatment},
  volume = {60},
  number = {21},
  journal = {Physics in Medicine and Biology},
  author = {Al-Mayah, Adil and Moseley, Joanne and Hunter, Shannon and Brock, Kristy},
  month = nov,
  year = {2015},
  pages = {8481--8489},
  pmid = {26485227}
}

@article{sharp2014,
  title = {Vision 20/20: Perspectives on Automated Image Segmentation for Radiotherapy},
  volume = {41},
  number = {5},
  journal = {Medical Physics},
  author = {Sharp, Gregory and Fritscher, Karl D. and Pekar, Vladimir and Peroni, Marta and Shusharina, Nadya and Veeraraghavan, Harini and Yang, Jinzhong},
  month = may,
  year = {2014},
  pages = {050902},
  pmid = {24784366},
  pmcid = {PMC4000389}
}

@article{duboisdaische2007,
  title = {Estimation of the Deformations Induced by Articulated Bodies: {{Registration}} of the Spinal Column},
  volume = {2},
  number = {1},
  journal = {Biomedical Signal Processing and Control},
  author = {{du Bois d'Aische}, Aloys and De Craene, Mathieu and Geets, Xavier and Gr{\'e}goire, Vincent and Macq, Benoit and Warfield, Simon K.},
  month = jan,
  year = {2007},
  pages = {16--24}
}

@article{huttenlocher1993,
  title = {Comparing Images Using the {{Hausdorff}} Distance},
  volume = {15},
  number = {9},
  journal = {IEEE Transactions on Pattern Analysis and Machine Intelligence},
  author = {Huttenlocher, D. P. and Klanderman, G. A. and Rucklidge, W. J.},
  month = sep,
  year = {1993},
  pages = {850--863}
}

@article{klein2010,
  title = {Elastix: {{A Toolbox}} for {{Intensity}}-{{Based Medical Image Registration}}},
  volume = {29},
  number = {1},
  journal = {IEEE Transactions on Medical Imaging},
  author = {Klein, S. and Staring, M. and Murphy, K. and Viergever, M. A. and Pluim, J. P. W.},
  month = jan,
  year = {2010},
  pages = {196--205}
}

@article{yuan2014,
  title = {Incorporating Single-Side Sparing in Models for Predicting Parotid Dose Sparing in Head and Neck {{IMRT}}},
  volume = {41},
  number = {2},
  journal = {Medical Physics},
  author = {Yuan, Lulin and Wu, Q. Jackie and Yin, Fang-Fang and Jiang, Yuliang and Yoo, David and Ge, Yaorong},
  month = feb,
  year = {2014},
  pages = {021728},
  pmid = {24506619},
  pmcid = {PMC3977781}
}

@inproceedings{guyader2015,
  title = {Groupwise Image Registration of Multimodal Head-and-Neck Images},
  booktitle = {2015 {{IEEE}} 12th {{International Symposium}} on {{Biomedical Imaging}} ({{ISBI}})},
  author = {Guyader, J. M. and Huizinga, W. and Fortunati, V. and Veenland, J. F. and Paulides, M. M. and Niessen, W. J. and Klein, S.},
  month = apr,
  year = {2015},
  pages = {730--733}
}

@article{teguh2011,
  title = {Clinical Validation of Atlas-Based Auto-Segmentation of Multiple Target Volumes and Normal Tissue (Swallowing/Mastication) Structures in the Head and Neck},
  volume = {81},
  number = {4},
  journal = {International Journal of Radiation Oncology, Biology, Physics},
  author = {Teguh, David N. and Levendag, Peter C. and Voet, Peter W. J. and Al-Mamgani, Abrahim and Han, Xiao and Wolf, Theresa K. and Hibbard, Lyndon S. and Nowak, Peter and Akhiat, Hafid and Dirkx, Maarten L. P. and Heijmen, Ben J. M. and Hoogeman, Mischa S.},
  month = nov,
  year = {2011},
  pages = {950--957},
  pmid = {20932664}
}

@article{gorthi2009,
  title = {Segmentation of {{Head}} and {{Neck Lymph Node Regions}} for {{Radiotherapy Planning Using Active Contour}}-{{Based Atlas Registration}}},
  volume = {3},
  number = {1},
  journal = {IEEE Journal of Selected Topics in Signal Processing},
  author = {Gorthi, S. and Duay, V. and Houhou, N. and Cuadra, M. Bach and Schick, U. and Becker, M. and Allal, A. S. and Thiran, J. P.},
  month = feb,
  year = {2009},
  pages = {135--147}
}

@article{daisne2013,
  title = {Atlas-Based Automatic Segmentation of Head and Neck Organs at Risk and Nodal Target Volumes: A Clinical Validation},
  volume = {8},
  journal = {Radiation Oncology (London, England)},
  author = {Daisne, Jean-Fran{\c c}ois and Blumhofer, Andreas},
  month = jun,
  year = {2013},
  pages = {154},
  pmid = {23803232},
  pmcid = {PMC3722083}
}

@article{eisbruch2009,
  title = {Radiotherapy: {{IMRT}} Reduces Xerostomia and Potentially Improves {{QoL}}},
  volume = {6},
  number = {10},
  journal = {Nature Reviews. Clinical Oncology},
  author = {Eisbruch, Avraham},
  month = oct,
  year = {2009},
  pages = {567--568},
  pmid = {19787001}
}


